<?xml version="1.0" encoding="UTF-8"?>
<record>
  <leader>01138nam#a2200325#c#4500</leader>
  <controlfield tag="005">20230210033817.0</controlfield>
  <controlfield tag="007">tu</controlfield>
  <controlfield tag="008">000111|1920####xx############|||#|#ger#c</controlfield>
  <controlfield tag="003">DE-605</controlfield>
  <controlfield tag="001">990001412590206441</controlfield>
  <datafield tag="016" ind1="7" ind2=" ">
    <subfield code="a">600913146</subfield>
    <subfield code="2">OCoLC</subfield>
  </datafield>
  <datafield tag="035" ind1=" " ind2=" ">
    <subfield code="a">(DE-605)HT000161712</subfield>
  </datafield>
  <datafield tag="040" ind1=" " ind2=" ">
    <subfield code="a">61</subfield>
    <subfield code="b">ger</subfield>
    <subfield code="c">DE-605</subfield>
    <subfield code="d">HBZ/ALMA-NZ</subfield>
    <subfield code="e">rakwb</subfield>
    <subfield code="d">DE-605</subfield>
  </datafield>
  <datafield tag="041" ind1=" " ind2=" ">
    <subfield code="a">ger</subfield>
  </datafield>
  <datafield tag="044" ind1=" " ind2=" ">
    <subfield code="c">XA-DXDE</subfield>
  </datafield>
  <datafield tag="084" ind1=" " ind2=" ">
    <subfield code="a">120</subfield>
    <subfield code="2">rpb</subfield>
  </datafield>
  <datafield tag="245" ind1="0" ind2="0">
    <subfield code="a">Handwörterbuch des Volksschulwesens</subfield>
    <subfield code="c">unter Mitw. zahlr. Schulmänner hrsg. von E. Clausnitzer ...</subfield>
  </datafield>
  <datafield tag="264" ind1=" " ind2="1">
    <subfield code="a">Leipzig [u.a.]</subfield>
    <subfield code="b">Teubner</subfield>
    <subfield code="c">1920</subfield>
  </datafield>
  <datafield tag="300" ind1=" " ind2=" ">
    <subfield code="a">XXIV, 541, 28 S.</subfield>
  </datafield>
  <datafield tag="689" ind1="0" ind2="0">
    <subfield code="a">Volksschule</subfield>
    <subfield code="D">s</subfield>
    <subfield code="0">(DE-588)4063861-3</subfield>
    <subfield code="0">https://portal.dnb.de/opac.htm?method=simpleSearch&amp;cqlMode=true&amp;query=idn=040638618</subfield>
    <subfield code="0">http://viaf.org/viaf/sourceID/DNB|040638618</subfield>
    <subfield code="B">GND-040638618</subfield>
  </datafield>
  <datafield tag="035" ind1=" " ind2=" ">
    <subfield code="a">(OCoLC)600913146</subfield>
  </datafield>
  <datafield tag="035" ind1=" " ind2=" ">
    <subfield code="a">(DE-599)HBZHT000161712</subfield>
  </datafield>
  <datafield tag="964" ind1="0" ind2="s">
    <subfield code="F">051</subfield>
    <subfield code="A">m|||||||</subfield>
  </datafield>
  <datafield tag="964" ind1="0" ind2="i">
    <subfield code="I">marc-FMT via MAB2MARC</subfield>
    <subfield code="F">FMT</subfield>
    <subfield code="A">BK</subfield>
  </datafield>
  <datafield tag="964" ind1="0" ind2="s">
    <subfield code="F">030</subfield>
    <subfield code="A">a|1uc||||||37</subfield>
  </datafield>
  <datafield tag="964" ind1="0" ind2="s">
    <subfield code="F">050</subfield>
    <subfield code="A">a|||||||||||||</subfield>
  </datafield>
  <datafield tag="856" ind1="4" ind2="2">
    <subfield code="m">B:DE-101</subfield>
    <subfield code="q">application/pdf</subfield>
    <subfield code="u">http://digitale-objekte.hbz-nrw.de/storage2/2019/04/06/file_4/8295425.pdf</subfield>
    <subfield code="3">Inhaltsverzeichnis</subfield>
    <subfield code="9">O:PKN</subfield>
  </datafield>
  <datafield tag="700" ind1="1" ind2=" ">
    <subfield code="a">Clausnitzer, Eduard</subfield>
    <subfield code="d">1870-1920</subfield>
    <subfield code="0">(DE-588)1023590484</subfield>
    <subfield code="4">edt</subfield>
    <subfield code="0">https://portal.dnb.de/opac.htm?method=simpleSearch&amp;cqlMode=true&amp;query=idn=1023590484</subfield>
    <subfield code="0">http://viaf.org/viaf/sourceID/DNB|1023590484</subfield>
    <subfield code="B">GND-1023590484</subfield>
  </datafield>
  <datafield tag="655" ind1=" " ind2="7">
    <subfield code="a">Wörterbuch</subfield>
    <subfield code="0">(DE-588)4066724-8</subfield>
    <subfield code="2">gnd-content</subfield>
  </datafield>
  <datafield tag="546" ind1=" " ind2=" ">
    <subfield code="b">In Fraktur</subfield>
  </datafield>
  <datafield tag="MBD" ind1=" " ind2=" ">
    <subfield code="M">49HBZ_NETWORK</subfield>
    <subfield code="i">990001412590206441</subfield>
    <subfield code="n">HBZ Network</subfield>
  </datafield>
  <datafield tag="MBD" ind1=" " ind2=" ">
    <subfield code="M">49HBZ_WUP</subfield>
    <subfield code="i">990000382740206447</subfield>
    <subfield code="n">Bergische Universität Wuppertal</subfield>
  </datafield>
  <datafield tag="MBD" ind1=" " ind2=" ">
    <subfield code="M">49HBZ_FUH</subfield>
    <subfield code="i">990000164920106464</subfield>
    <subfield code="n">Fernuniversität Hagen</subfield>
  </datafield>
  <datafield tag="MBD" ind1=" " ind2=" ">
    <subfield code="M">49HBZ_BRIDGE_LBZ</subfield>
    <subfield code="i">9911017407506</subfield>
    <subfield code="n">Rheinische Landesbibliothek Koblenz</subfield>
  </datafield>
  <datafield tag="MBD" ind1=" " ind2=" ">
    <subfield code="M">49HBZ_BRIDGE_WBT</subfield>
    <subfield code="i">9910017307826</subfield>
    <subfield code="n">Stadtbibliothek Trier</subfield>
  </datafield>
  <datafield tag="MBD" ind1=" " ind2=" ">
    <subfield code="M">49HBZ_UBD</subfield>
    <subfield code="i">991001000599706445</subfield>
    <subfield code="n">Technische Universität Dortmund</subfield>
  </datafield>
  <datafield tag="MBD" ind1=" " ind2=" ">
    <subfield code="M">49HBZ_ULB</subfield>
    <subfield code="i">991023717839706467</subfield>
    <subfield code="n">Universitaet Bonn</subfield>
  </datafield>
  <datafield tag="MBD" ind1=" " ind2=" ">
    <subfield code="M">49HBZ_BIE</subfield>
    <subfield code="i">991021156319706442</subfield>
    <subfield code="n">Universität Bielefeld</subfield>
  </datafield>
  <datafield tag="MBD" ind1=" " ind2=" ">
    <subfield code="M">49HBZ_DUE</subfield>
    <subfield code="i">990000278820206443</subfield>
    <subfield code="n">Universität Düsseldorf</subfield>
  </datafield>
  <datafield tag="MBD" ind1=" " ind2=" ">
    <subfield code="M">49HBZ_UBK</subfield>
    <subfield code="i">991001749599706476</subfield>
    <subfield code="n">Universität Köln</subfield>
  </datafield>
  <datafield tag="MBD" ind1=" " ind2=" ">
    <subfield code="M">49HBZ_ULM</subfield>
    <subfield code="i">991013966589706449</subfield>
    <subfield code="n">Universität Münster</subfield>
  </datafield>
  <datafield tag="MBD" ind1=" " ind2=" ">
    <subfield code="M">49HBZ_SIE</subfield>
    <subfield code="i">990000433950106462</subfield>
    <subfield code="n">Universität Siegen</subfield>
  </datafield>
  <datafield tag="MBD" ind1=" " ind2=" ">
    <subfield code="M">49HBZ_PAD</subfield>
    <subfield code="i">990000325540106463</subfield>
    <subfield code="n">Universitätsbibliothek Paderborn</subfield>
  </datafield>
  <datafield tag="MNG" ind1=" " ind2=" ">
    <subfield code="c">System</subfield>
    <subfield code="f">HBZ</subfield>
    <subfield code="i">marc21</subfield>
    <subfield code="h">20220609163700.0</subfield>
    <subfield code="k">01</subfield>
    <subfield code="e">false</subfield>
    <subfield code="d">2023-02-10 03:38:17 Europe/Berlin</subfield>
    <subfield code="g">000141259-HBZ01</subfield>
    <subfield code="j">60</subfield>
    <subfield code="a">import</subfield>
    <subfield code="b">2021-04-06 04:21:17 Europe/Berlin</subfield>
  </datafield>
  <datafield tag="H52" ind1="8" ind2=" ">
    <subfield code="b">W0001</subfield>
    <subfield code="c">04</subfield>
    <subfield code="8">22138155840006447</subfield>
  </datafield>
  <datafield tag="HOL" ind1=" " ind2=" ">
    <subfield code="d">2022-06-09 14:36:17</subfield>
    <subfield code="8">22138155840006447</subfield>
    <subfield code="b">2021-04-06 08:32:13</subfield>
    <subfield code="M">49HBZ_WUP</subfield>
    <subfield code="g">false</subfield>
    <subfield code="a">import</subfield>
    <subfield code="c">COWA77012949</subfield>
  </datafield>
  <datafield tag="ITM" ind1=" " ind2=" ">
    <subfield code="H">22138155840006447</subfield>
    <subfield code="x">04</subfield>
    <subfield code="f">BOOK</subfield>
    <subfield code="v">04</subfield>
    <subfield code="p">16</subfield>
    <subfield code="X">ID89346</subfield>
    <subfield code="U">2022-06-09 16:35:24 Europe/Berlin</subfield>
    <subfield code="Y">2023-03-31 16:10:43 Europe/Berlin</subfield>
    <subfield code="h">false</subfield>
    <subfield code="n">ZZV708205</subfield>
    <subfield code="M">49HBZ_WUP</subfield>
    <subfield code="s">1</subfield>
    <subfield code="d">8</subfield>
    <subfield code="V">import</subfield>
    <subfield code="Z">DETERIORATING</subfield>
    <subfield code="b">W00348898</subfield>
    <subfield code="a">23138155830006447</subfield>
    <subfield code="t">8</subfield>
    <subfield code="W">1984-08-31 02:00:00 Europe/Berlin</subfield>
    <subfield code="u">W0001</subfield>
    <subfield code="w">W0001</subfield>
  </datafield>
  <datafield tag="H52" ind1=" " ind2=" ">
    <subfield code="b">F0001</subfield>
    <subfield code="c">03</subfield>
    <subfield code="8">2297648980006464</subfield>
  </datafield>
  <datafield tag="HOL" ind1=" " ind2=" ">
    <subfield code="b">2022-07-04 11:05:41</subfield>
    <subfield code="8">2297648980006464</subfield>
    <subfield code="M">49HBZ_FUH</subfield>
    <subfield code="g">false</subfield>
    <subfield code="a">import</subfield>
  </datafield>
  <datafield tag="ITM" ind1=" " ind2=" ">
    <subfield code="H">2297648980006464</subfield>
    <subfield code="x">03</subfield>
    <subfield code="f">BOOK</subfield>
    <subfield code="v">03</subfield>
    <subfield code="p">32</subfield>
    <subfield code="X">System</subfield>
    <subfield code="U">1988-10-10 11:59:00 Europe/Berlin</subfield>
    <subfield code="Y">2022-07-04 13:06:54 Europe/Berlin</subfield>
    <subfield code="h">false</subfield>
    <subfield code="n">HYI/CLA</subfield>
    <subfield code="M">49HBZ_FUH</subfield>
    <subfield code="s">1</subfield>
    <subfield code="d">#</subfield>
    <subfield code="V">import</subfield>
    <subfield code="b">881294001</subfield>
    <subfield code="a">2397648970006464</subfield>
    <subfield code="B">88/12940</subfield>
    <subfield code="D">20000217</subfield>
    <subfield code="W">1988-10-10 01:00:00 Europe/Berlin</subfield>
    <subfield code="u">F0001</subfield>
    <subfield code="w">F0001</subfield>
  </datafield>
  <datafield tag="H52" ind1="0" ind2=" ">
    <subfield code="b">R0001</subfield>
    <subfield code="c">00000000</subfield>
    <subfield code="h">P = A 1985</subfield>
    <subfield code="8">2267328930007506</subfield>
  </datafield>
  <datafield tag="HOL" ind1=" " ind2=" ">
    <subfield code="d">2023-04-21 17:35:45</subfield>
    <subfield code="8">2267328930007506</subfield>
    <subfield code="b">2023-04-21 17:35:45</subfield>
    <subfield code="M">49HBZ_BRIDGE_LBZ</subfield>
    <subfield code="g">false</subfield>
    <subfield code="a">System</subfield>
    <subfield code="c">System</subfield>
  </datafield>
  <datafield tag="ITM" ind1=" " ind2=" ">
    <subfield code="H">2267328930007506</subfield>
    <subfield code="x">00000000</subfield>
    <subfield code="f">BOOK</subfield>
    <subfield code="v">00000000</subfield>
    <subfield code="p">02</subfield>
    <subfield code="X">System</subfield>
    <subfield code="Y">2008-09-19 02:00:00 Europe/Berlin</subfield>
    <subfield code="n">P = P I 15</subfield>
    <subfield code="M">49HBZ_BRIDGE_LBZ</subfield>
    <subfield code="s">1</subfield>
    <subfield code="d">0</subfield>
    <subfield code="V">System</subfield>
    <subfield code="b">02922183</subfield>
    <subfield code="a">2367328890007506</subfield>
    <subfield code="c">P = A 1985</subfield>
    <subfield code="W">2023-04-21 19:35:45 Europe/Berlin</subfield>
    <subfield code="u">R0001</subfield>
    <subfield code="w">R0001</subfield>
  </datafield>
  <datafield tag="ITM" ind1=" " ind2=" ">
    <subfield code="H">2267328930007506</subfield>
    <subfield code="x">00000000</subfield>
    <subfield code="f">BOOK</subfield>
    <subfield code="v">00000000</subfield>
    <subfield code="p">02</subfield>
    <subfield code="X">System</subfield>
    <subfield code="Y">2008-09-19 02:00:00 Europe/Berlin</subfield>
    <subfield code="n">P = P I 15</subfield>
    <subfield code="M">49HBZ_BRIDGE_LBZ</subfield>
    <subfield code="s">1</subfield>
    <subfield code="d">0</subfield>
    <subfield code="V">System</subfield>
    <subfield code="b">02922177</subfield>
    <subfield code="a">2367328900007506</subfield>
    <subfield code="c">P = A 1985</subfield>
    <subfield code="W">2023-04-21 19:35:45 Europe/Berlin</subfield>
    <subfield code="u">R0001</subfield>
    <subfield code="w">R0001</subfield>
  </datafield>
  <datafield tag="ITM" ind1=" " ind2=" ">
    <subfield code="H">2267328930007506</subfield>
    <subfield code="x">00000000</subfield>
    <subfield code="f">BOOK</subfield>
    <subfield code="v">00000000</subfield>
    <subfield code="p">02</subfield>
    <subfield code="X">System</subfield>
    <subfield code="Y">2008-09-19 02:00:00 Europe/Berlin</subfield>
    <subfield code="n">P = A 1985</subfield>
    <subfield code="M">49HBZ_BRIDGE_LBZ</subfield>
    <subfield code="s">1</subfield>
    <subfield code="d">0</subfield>
    <subfield code="V">System</subfield>
    <subfield code="b">0130003X</subfield>
    <subfield code="a">2367328910007506</subfield>
    <subfield code="c">P = A 1985</subfield>
    <subfield code="W">2023-04-21 19:35:45 Europe/Berlin</subfield>
    <subfield code="u">R0001</subfield>
    <subfield code="w">R0001</subfield>
  </datafield>
  <datafield tag="H52" ind1="0" ind2=" ">
    <subfield code="b">T0010</subfield>
    <subfield code="c">kA</subfield>
    <subfield code="h">Nq 19/369</subfield>
    <subfield code="8">2219004430007826</subfield>
  </datafield>
  <datafield tag="HOL" ind1=" " ind2=" ">
    <subfield code="d">2023-04-21 17:36:01</subfield>
    <subfield code="8">2219004430007826</subfield>
    <subfield code="b">2023-04-21 17:36:01</subfield>
    <subfield code="M">49HBZ_BRIDGE_WBT</subfield>
    <subfield code="g">false</subfield>
    <subfield code="a">System</subfield>
    <subfield code="c">System</subfield>
  </datafield>
  <datafield tag="ITM" ind1=" " ind2=" ">
    <subfield code="H">2219004430007826</subfield>
    <subfield code="x">kA</subfield>
    <subfield code="f">BOOK</subfield>
    <subfield code="v">kA</subfield>
    <subfield code="p">10</subfield>
    <subfield code="X">System</subfield>
    <subfield code="Y">2007-10-26 02:00:00 Europe/Berlin</subfield>
    <subfield code="n">Nq 19/369</subfield>
    <subfield code="M">49HBZ_BRIDGE_WBT</subfield>
    <subfield code="s">1</subfield>
    <subfield code="d">0</subfield>
    <subfield code="V">System</subfield>
    <subfield code="b">:94002663930</subfield>
    <subfield code="a">2319004410007826</subfield>
    <subfield code="c">Nq 19/369</subfield>
    <subfield code="D">00000000</subfield>
    <subfield code="W">2023-04-21 19:36:02 Europe/Berlin</subfield>
    <subfield code="u">T0010</subfield>
    <subfield code="w">T0010</subfield>
  </datafield>
  <datafield tag="H52" ind1=" " ind2=" ">
    <subfield code="b">EFB</subfield>
    <subfield code="c">Freihand</subfield>
    <subfield code="8">22197423240006445</subfield>
  </datafield>
  <datafield tag="HOL" ind1=" " ind2=" ">
    <subfield code="b">2021-04-19 15:30:09</subfield>
    <subfield code="8">22197423240006445</subfield>
    <subfield code="M">49HBZ_UBD</subfield>
    <subfield code="g">false</subfield>
    <subfield code="a">import</subfield>
  </datafield>
  <datafield tag="ITM" ind1=" " ind2=" ">
    <subfield code="H">22197423240006445</subfield>
    <subfield code="x">Freihand</subfield>
    <subfield code="f">BOOK</subfield>
    <subfield code="v">Freihand</subfield>
    <subfield code="p">Praesenz</subfield>
    <subfield code="X">System</subfield>
    <subfield code="U">2021-04-19 12:59:00 Europe/Berlin</subfield>
    <subfield code="Y">2021-04-19 17:30:41 Europe/Berlin</subfield>
    <subfield code="h">false</subfield>
    <subfield code="n">PAA 120/43</subfield>
    <subfield code="G">1</subfield>
    <subfield code="M">49HBZ_UBD</subfield>
    <subfield code="s">1</subfield>
    <subfield code="d">#</subfield>
    <subfield code="V">import</subfield>
    <subfield code="L">ClassificationNo: 0 | SISIS-Magazindrucker: 0 | HBZ01: HT000161712</subfield>
    <subfield code="b">50860674</subfield>
    <subfield code="O">SISIS-Ausleihzähler vorletztes Migrationsjahr: 0 | SISIS-Vormerkzähler Migrationsjahr: 0 | SISIS-Buchdaten-Aufnahmedatum: 2004-08-02</subfield>
    <subfield code="N">Fernleihkonditionen: 0 | Sigel: 290 | Klassifikation: 0 | Altersbegrenzung: 0 | SISIS-Ausleihzähler Migrationsjahr: 0 | SISIS-Ausleihzähler Vor-Migrationsjahr: 0</subfield>
    <subfield code="a">23197423230006445</subfield>
    <subfield code="B">BER 82/1856</subfield>
    <subfield code="W">2021-04-19 17:30:09 Europe/Berlin</subfield>
    <subfield code="u">EFB</subfield>
    <subfield code="w">EFB</subfield>
  </datafield>
  <datafield tag="H52" ind1="#" ind2=" ">
    <subfield code="b">0</subfield>
    <subfield code="c">0-MagAlt</subfield>
    <subfield code="h"> B 1252/640 </subfield>
    <subfield code="8">22231651760006467</subfield>
  </datafield>
  <datafield tag="HOL" ind1=" " ind2=" ">
    <subfield code="d">2023-08-03 07:54:54</subfield>
    <subfield code="8">22231651760006467</subfield>
    <subfield code="b">2023-07-24 07:15:08</subfield>
    <subfield code="M">49HBZ_ULB</subfield>
    <subfield code="g">false</subfield>
    <subfield code="a">import</subfield>
    <subfield code="c">System</subfield>
  </datafield>
  <datafield tag="ITM" ind1=" " ind2=" ">
    <subfield code="H">22231651760006467</subfield>
    <subfield code="x">0-MagAlt</subfield>
    <subfield code="f">BOOK</subfield>
    <subfield code="v">0-MagAlt</subfield>
    <subfield code="X">System</subfield>
    <subfield code="U">2023-07-23 12:59:00 Europe/Berlin</subfield>
    <subfield code="Y">2023-08-03 09:55:20 Europe/Berlin</subfield>
    <subfield code="h">false</subfield>
    <subfield code="n">B 1252/640</subfield>
    <subfield code="G">1</subfield>
    <subfield code="M">49HBZ_ULB</subfield>
    <subfield code="s">1</subfield>
    <subfield code="d">#</subfield>
    <subfield code="V">import</subfield>
    <subfield code="L">HBInvNr.: re.981221.563</subfield>
    <subfield code="b">B1252/640</subfield>
    <subfield code="O">SISIS-Ausleihzähler Migrationsjahr: 0 | SISIS-Ausleihzähler Vor-Migrationsjahr: 0 | SISIS-Ausleihzähler vorletztes Migrationsjahr: 0 | SISIS-Vormerkzähler Migrationsjahr: 0</subfield>
    <subfield code="N">SISIS-ULBSystematik: 1910 | SISIS-Magazindrucker: 5 | SISIS-Fernleihkonditionen: 0 | SISIS-Medientyp: 0 | Sigel: 5 | SISIS-Entleihbarkeit: L | SISIS-Zweigstelle: 0</subfield>
    <subfield code="a">23231651750006467</subfield>
    <subfield code="c">B 1252/640</subfield>
    <subfield code="W">2023-07-24 09:15:08 Europe/Berlin</subfield>
    <subfield code="u">0</subfield>
    <subfield code="w">0</subfield>
  </datafield>
  <datafield tag="H52" ind1="8" ind2=" ">
    <subfield code="b">UB_BI</subfield>
    <subfield code="c">164_Mono</subfield>
    <subfield code="h">LA076 H2D4V</subfield>
    <subfield code="8">22278036670006442</subfield>
  </datafield>
  <datafield tag="HOL" ind1=" " ind2=" ">
    <subfield code="b">2021-04-19 05:37:53</subfield>
    <subfield code="8">22278036670006442</subfield>
    <subfield code="M">49HBZ_BIE</subfield>
    <subfield code="g">false</subfield>
    <subfield code="a">import</subfield>
  </datafield>
  <datafield tag="ITM" ind1=" " ind2=" ">
    <subfield code="H">22278036670006442</subfield>
    <subfield code="x">164_Mono</subfield>
    <subfield code="f">BOOK</subfield>
    <subfield code="v">164_Mono</subfield>
    <subfield code="p">item_00</subfield>
    <subfield code="X">Cutover_Fix_OSID</subfield>
    <subfield code="U">2021-04-18 12:59:00 Europe/Berlin</subfield>
    <subfield code="Y">2021-04-19 07:38:22 Europe/Berlin</subfield>
    <subfield code="h">false</subfield>
    <subfield code="M">49HBZ_BIE</subfield>
    <subfield code="s">1</subfield>
    <subfield code="d">8</subfield>
    <subfield code="V">import</subfield>
    <subfield code="L">Abteilung/Standort/Haushaltsstufe: 16 | SISIS-Magazindrucker: 0 | HBZ01: HT000161712 | Keine Beilagen: 1</subfield>
    <subfield code="b">160/3072426+01</subfield>
    <subfield code="O">SISIS-Ausleihzähler vorletztes Migrationsjahr: 0 | SISIS-Vormerkzähler Migrationsjahr: 0 | SISIS-Buchdaten-Aufnahmedatum: 2002-01-28 | FootNoteInt: Inventar-Nr.: PH: A 75/41</subfield>
    <subfield code="N">Fernleihkonditionen: 3 | Sigel: 361 | Klassifikation: 164_Mono | Altersbegrenzung: 0 | SISIS-Ausleihzähler Migrationsjahr: 0 | SISIS-Ausleihzähler Vor-Migrationsjahr: 0</subfield>
    <subfield code="a">23278036660006442</subfield>
    <subfield code="c">LA076 H2D4V</subfield>
    <subfield code="B">PH-0</subfield>
    <subfield code="W">2021-04-19 07:37:53 Europe/Berlin</subfield>
    <subfield code="u">UB_BI</subfield>
    <subfield code="w">UB_BI</subfield>
  </datafield>
  <datafield tag="H52" ind1="8" ind2=" ">
    <subfield code="b">X0001</subfield>
    <subfield code="c">00L</subfield>
    <subfield code="h">VLB-1C-156</subfield>
    <subfield code="8">22299197920006443</subfield>
  </datafield>
  <datafield tag="HOL" ind1=" " ind2=" ">
    <subfield code="b">2021-04-01 12:10:14</subfield>
    <subfield code="8">22299197920006443</subfield>
    <subfield code="M">49HBZ_DUE</subfield>
    <subfield code="g">false</subfield>
    <subfield code="a">import</subfield>
  </datafield>
  <datafield tag="ITM" ind1=" " ind2=" ">
    <subfield code="H">22299197920006443</subfield>
    <subfield code="x">00L</subfield>
    <subfield code="f">BOOK</subfield>
    <subfield code="v">00L</subfield>
    <subfield code="p">13</subfield>
    <subfield code="X">System</subfield>
    <subfield code="U">1999-05-18 12:59:00 Europe/Berlin</subfield>
    <subfield code="Y">2021-04-01 14:11:00 Europe/Berlin</subfield>
    <subfield code="h">false</subfield>
    <subfield code="M">49HBZ_DUE</subfield>
    <subfield code="s">1</subfield>
    <subfield code="d">8</subfield>
    <subfield code="V">import</subfield>
    <subfield code="b">408422401</subfield>
    <subfield code="a">23299197890006443</subfield>
    <subfield code="c">VLB-1C-156</subfield>
    <subfield code="W">1999-05-18 02:00:00 Europe/Berlin</subfield>
    <subfield code="u">X0001</subfield>
    <subfield code="w">X0001</subfield>
  </datafield>
  <datafield tag="H52" ind1=" " ind2=" ">
    <subfield code="b">38</subfield>
    <subfield code="c">38-MAG</subfield>
    <subfield code="8">22307640690006476</subfield>
  </datafield>
  <datafield tag="HOL" ind1=" " ind2=" ">
    <subfield code="b">2023-08-22 16:02:20</subfield>
    <subfield code="8">22307640690006476</subfield>
    <subfield code="M">49HBZ_UBK</subfield>
    <subfield code="g">false</subfield>
    <subfield code="a">import</subfield>
  </datafield>
  <datafield tag="ITM" ind1=" " ind2=" ">
    <subfield code="H">22307640690006476</subfield>
    <subfield code="x">38-MAG</subfield>
    <subfield code="f">BOOK</subfield>
    <subfield code="v">38-MAG</subfield>
    <subfield code="p">A</subfield>
    <subfield code="X">AMO_HBZ_FIX</subfield>
    <subfield code="U">2023-08-21 12:59:00 Europe/Berlin</subfield>
    <subfield code="Y">2023-08-24 04:52:25 Europe/Berlin</subfield>
    <subfield code="h">false</subfield>
    <subfield code="n">PP4/111</subfield>
    <subfield code="G">1</subfield>
    <subfield code="M">49HBZ_UBK</subfield>
    <subfield code="s">1</subfield>
    <subfield code="d">#</subfield>
    <subfield code="V">import</subfield>
    <subfield code="b">PP4/111</subfield>
    <subfield code="O">HBZ01: HT000161712 | Klassifikation: 0</subfield>
    <subfield code="a">23307640680006476</subfield>
    <subfield code="W">2023-08-22 18:02:20 Europe/Berlin</subfield>
    <subfield code="u">38</subfield>
    <subfield code="w">38</subfield>
  </datafield>
  <datafield tag="H52" ind1="8" ind2=" ">
    <subfield code="b">ZB</subfield>
    <subfield code="c">ZB_GMAG</subfield>
    <subfield code="h">48 QU 313</subfield>
    <subfield code="8">22507162570006449</subfield>
  </datafield>
  <datafield tag="HOL" ind1=" " ind2=" ">
    <subfield code="b">2022-07-11 09:04:59</subfield>
    <subfield code="8">22507162570006449</subfield>
    <subfield code="M">49HBZ_ULM</subfield>
    <subfield code="g">false</subfield>
    <subfield code="a">import</subfield>
  </datafield>
  <datafield tag="ITM" ind1=" " ind2=" ">
    <subfield code="H">22507162570006449</subfield>
    <subfield code="x">ZB_GMAG</subfield>
    <subfield code="f">BOOK</subfield>
    <subfield code="v">ZB_GMAG</subfield>
    <subfield code="X">AMO_TL2_FIX</subfield>
    <subfield code="U">2022-07-10 12:59:00 Europe/Berlin</subfield>
    <subfield code="Y">2022-07-12 13:10:54 Europe/Berlin</subfield>
    <subfield code="h">false</subfield>
    <subfield code="Q">SISIS-Ausleihzähler Migrationsjahr: 0 | SISIS-Ausleihzähler Vor-Migrationsjahr: 0 | SISIS-Ausleihzähler vorletztes Migrationsjahr: 0</subfield>
    <subfield code="M">49HBZ_ULM</subfield>
    <subfield code="s">1</subfield>
    <subfield code="d">8</subfield>
    <subfield code="V">import</subfield>
    <subfield code="b">48 QU 313</subfield>
    <subfield code="O">Fernleihkonditionen: 0</subfield>
    <subfield code="a">23507162560006449</subfield>
    <subfield code="R">DBS-Systematik: 0</subfield>
    <subfield code="c">48 QU 313</subfield>
    <subfield code="W">2022-07-11 11:04:59 Europe/Berlin</subfield>
    <subfield code="u">ZB</subfield>
    <subfield code="w">ZB</subfield>
  </datafield>
  <datafield tag="H52" ind1="8" ind2=" ">
    <subfield code="b">S0001</subfield>
    <subfield code="c">ERW</subfield>
    <subfield code="8">2294316410006462</subfield>
  </datafield>
  <datafield tag="HOL" ind1=" " ind2=" ">
    <subfield code="b">2022-07-11 09:31:51</subfield>
    <subfield code="8">2294316410006462</subfield>
    <subfield code="M">49HBZ_SIE</subfield>
    <subfield code="g">false</subfield>
    <subfield code="a">import</subfield>
  </datafield>
  <datafield tag="ITM" ind1=" " ind2=" ">
    <subfield code="H">2294316410006462</subfield>
    <subfield code="x">ERW</subfield>
    <subfield code="f">BOOK</subfield>
    <subfield code="v">ERW</subfield>
    <subfield code="p">32</subfield>
    <subfield code="X">System</subfield>
    <subfield code="U">1984-08-31 12:59:00 Europe/Berlin</subfield>
    <subfield code="Y">2022-07-11 11:32:38 Europe/Berlin</subfield>
    <subfield code="h">false</subfield>
    <subfield code="n">20ICM1270</subfield>
    <subfield code="M">49HBZ_SIE</subfield>
    <subfield code="s">1</subfield>
    <subfield code="d">8</subfield>
    <subfield code="V">import</subfield>
    <subfield code="b">20ICM1270</subfield>
    <subfield code="a">2394316400006462</subfield>
    <subfield code="t">8</subfield>
    <subfield code="W">1984-08-31 02:00:00 Europe/Berlin</subfield>
    <subfield code="u">S0001</subfield>
    <subfield code="w">S0001</subfield>
  </datafield>
  <datafield tag="H52" ind1="8" ind2=" ">
    <subfield code="b">P0001</subfield>
    <subfield code="c">11</subfield>
    <subfield code="8">22135518560006463</subfield>
  </datafield>
  <datafield tag="HOL" ind1=" " ind2=" ">
    <subfield code="b">2022-07-14 09:45:19</subfield>
    <subfield code="8">22135518560006463</subfield>
    <subfield code="M">49HBZ_PAD</subfield>
    <subfield code="g">false</subfield>
    <subfield code="a">import</subfield>
  </datafield>
  <datafield tag="H52" ind1="8" ind2="1">
    <subfield code="b">P0001</subfield>
    <subfield code="c">UNASSIGNED</subfield>
    <subfield code="8">22135518500006463</subfield>
  </datafield>
  <datafield tag="HOL" ind1=" " ind2=" ">
    <subfield code="b">2022-07-14 09:45:19</subfield>
    <subfield code="8">22135518500006463</subfield>
    <subfield code="M">49HBZ_PAD</subfield>
    <subfield code="g">false</subfield>
    <subfield code="a">import</subfield>
  </datafield>
  <datafield tag="ITM" ind1=" " ind2=" ">
    <subfield code="H">22135518560006463</subfield>
    <subfield code="x">11</subfield>
    <subfield code="f">BOOK</subfield>
    <subfield code="v">11</subfield>
    <subfield code="p">20</subfield>
    <subfield code="X">System</subfield>
    <subfield code="U">1984-08-31 12:59:00 Europe/Berlin</subfield>
    <subfield code="Y">2022-07-14 11:46:36 Europe/Berlin</subfield>
    <subfield code="h">false</subfield>
    <subfield code="n">ICM1034</subfield>
    <subfield code="M">49HBZ_PAD</subfield>
    <subfield code="s">1</subfield>
    <subfield code="d">8</subfield>
    <subfield code="V">import</subfield>
    <subfield code="b">ICM1034</subfield>
    <subfield code="a">23135518530006463</subfield>
    <subfield code="t">8</subfield>
    <subfield code="R">Maintenance count: 001</subfield>
    <subfield code="W">1984-08-31 02:00:00 Europe/Berlin</subfield>
    <subfield code="u">P0001</subfield>
    <subfield code="w">P0001</subfield>
  </datafield>
  <datafield tag="GSI" ind1="7" ind2=" ">
    <subfield code="a">1023590484</subfield>
    <subfield code="0">http://d-nb.info/gnd/1023590484</subfield>
    <subfield code="2">gnd</subfield>
    <subfield code="A">GND</subfield>
    <subfield code="B">GND-1023590484</subfield>
    <subfield code="C">024</subfield>
  </datafield>
  <datafield tag="GST" ind1=" " ind2=" ">
    <subfield code="a">Volksbildung</subfield>
    <subfield code="g">Volksschule</subfield>
    <subfield code="A">GND</subfield>
    <subfield code="B">GND-040638618</subfield>
    <subfield code="C">450</subfield>
  </datafield>
  <datafield tag="GST" ind1=" " ind2=" ">
    <subfield code="a">Volksschulen</subfield>
    <subfield code="A">GND</subfield>
    <subfield code="B">GND-040638618</subfield>
    <subfield code="C">450</subfield>
  </datafield>
  <datafield tag="GSI" ind1="7" ind2=" ">
    <subfield code="a">4063861-3</subfield>
    <subfield code="0">http://d-nb.info/gnd/4063861-3</subfield>
    <subfield code="2">gnd</subfield>
    <subfield code="A">GND</subfield>
    <subfield code="B">GND-040638618</subfield>
    <subfield code="C">024</subfield>
  </datafield>
</record>
